<?xml version="1.0" encoding="UTF-8"?><collection xmlns="http://www.loc.gov/MARC21/slim"><record><leader>00560nam--2200169-i-4500</leader><controlfield tag="001">000028846</controlfield><controlfield tag="002">20161230</controlfield><controlfield tag="005">20161230201037</controlfield><controlfield tag="008">060222s1000------------r-----000-0-eng-d</controlfield><datafield ind1=" " ind2=" " tag="040"><subfield code="a">IFIN-HH</subfield></datafield><datafield ind1=" " ind2=" " tag="080"><subfield code="a">539.141.1(047.1)</subfield></datafield><datafield ind1="1" ind2=" " tag="100"><subfield code="a">Kummel, H</subfield></datafield><datafield ind1="1" ind2="0" tag="245"><subfield code="a">Is the nucleus a many body problem? talk given at the symposium on mesonic effects in nuclear structure, in remembrance of k.erkelenz, bonn, 29-30 january 1974</subfield></datafield><datafield ind1=" " ind2=" " tag="260"><subfield code="a">Bochum</subfield><subfield code="b">Institut Fur Theoretische Physik</subfield><subfield code="c">1974</subfield></datafield><datafield ind1=" " ind2=" " tag="300"><subfield code="a">20P</subfield></datafield><datafield ind1=" " ind2=" " tag="852"><subfield code="a">41058</subfield><subfield code="c">539.141</subfield></datafield><datafield ind1=" " ind2=" " tag="CAT"><subfield code="a">Sys</subfield><subfield code="c">20120418</subfield><subfield code="h">111417</subfield></datafield></record></collection>